@article{einstein,
    author = "Albert Einstein",
    title = "{Zur Elektrodynamik bewegter K{\"o}rper}. ({German})
    [{On} the electrodynamics of moving bodies]",
    journal = "Annalen der Physik",
    volume = "322",
    number = "10",
    pages = "891--921",
    year = "1905",
    DOI = "http://dx.doi.org/10.1002/andp.19053221004",
    keywords = "physics"
}

@unpublished{herrera-osciladores,
  author = {Alejandro Herrera},
  note = {Electrónica II, Departamento de Electrónica Computación y Control, Universidad Central de Venezuela},
  title = {Osciladores},
  year = {2020}
}

@unpublished{rivero-ao,
  author = {Rafael Rivero},
  note = {Electrónica II, Departamento de Electrónica Computación y Control, Universidad Central de Venezuela},
  title = {Aplicaciones no lineales del AO},
  year = {2006}
}



@book{dirac,
    title = {The Principles of Quantum Mechanics},
    author = {Paul Adrien Maurice Dirac},
    isbn = {9780198520115},
    series = {International series of monographs on physics},
    year = {1981},
    publisher = {Clarendon Press},
    keywords = {physics}
}

@book{sergio-franco,
  author = {Adel Sedra, Kenneth C. Smith},
  title = {Design with operational amplifiers and analog integrated circuits},
  editor = {McGraw-Hill Education},
  edition = {4th},
  series = {McGraw-Hill series in electrical and computer engineering},
  publisher = {McGraw-Hill Education},
  year = {2015}
}

@book{sedra-smith,
  author = {Adel Sedra, Kenneth C. Smith},
  title = {Microelectronic Circuits},
  editor = {Oxford University Press},
  edition = {6th},
  series = {The Oxford Series in Electrical and Computer Engineering},
  publisher = {Oxford University Press},
  year = {2009}
}

@online{knuthwebsite,
    author = "Donald Knuth",
    title = "Knuth: Computers and Typesetting",
    url  = "http://www-cs-faculty.stanford.edu/~uno/abcde.html",
    addendum = "(accessed: 01.09.2016)",
    keywords = "latex,knuth"
}

@inbook{knuth-fa,
    author = "Donald E. Knuth",
    title = "Fundamental Algorithms",
    publisher = "Addison-Wesley",
    year = "1973",
    chapter = "1.2",
    keywords  = "knuth,programming"
}